% jezeli nie wiesz jak umieszczac bibliografie,
% to rzuc okiem do projektu z niezawodnosci, znajdz w necie, albo zapytaj na forum :)